%% Created using Papers on Fri, 01 Feb 2013.
%% http://mekentosj.com/papers/

@incollection{Ibanez:2010tr,
author = {Ib{\'a}{\~n}ez, Ana Mar{\'\i}a and Mu{\~n}oz-Mora, Juan Carlos},
title = {{The Persistence of Land Concentration in Colombia: What Happened Between 2000 and 2009?}},
booktitle = {Distributive Justice in Transitions},
year = {2010},
editor = {Bergsmo, Morten and Rodr{\'\i}guez-Garavito, Cesar and Kalmanovitz, Pablo and Saffon, Maria Paula},
publisher = {Torkel Opsahl Academic Epublisher},
address = {Oslo},
month = jan
}

@article{Arellano:1991wr,
author = {Arellano, Manuel and Bond, Stephen},
title = {{Some Tests of Specification for Panel Data: Monte Carlo Evidence and an Application to Employment Equations}},
journal = {The Review of Economic Studies},
year = {1991},
volume = {58},
number = {2},
pages = {277},
month = apr
}

@article{Grossman:2008wh,
author = {Grossman, Herschel and Mej{\'\i}a, Daniel},
title = {{The war against drug producers}},
journal = {Economics of Governance},
year = {2008},
volume = {9},
number = {1},
pages = {5--23}
}

@incollection{Pande:2007vu,
author = {Pande, Rohini and Udry, Christopher},
title = {{Institutions and Development: a View From Below}},
booktitle = {Advances in Economics and Econometrics:  theory and applications, ninth World Congress},
year = {2006},
editor = {Blundell, Richard and Newey, Whitney K and Persson, Torsten},
publisher = {Cambridge University Press},
month = mar
}

@article{Collier-Hoeffler_2004,
author = {Collier, Paul and Hoeffler, Anke},
title = {{Greed and Grievance in Civil War}},
journal = {Oxford Economic Papers},
year = {2004},
volume = {56},
number = {4},
pages = {563--595}
}

@article{Ibanez:2010ve,
author = {Ibanez, Marcela and Carlsson, Fredrik},
title = {{A survey-based choice experiment on coca cultivation}},
journal = {Journal of Development Economics},
year = {2010},
volume = {93},
number = {2},
pages = {249--263}
}

@article{Deininger:2008uq,
author = {Deininger, Klaus and Ali, Daniel Ayalew and Yamano, Takashi},
title = {{Legal knowledge and economic development: The case of land rights in Uganda}},
journal = {Land Economics},
year = {2008},
volume = {84},
number = {4},
pages = {593--619}
}

@techreport{Fergusson:2012tx,
author = {Fergusson, Leopoldo},
title = {{The Political Economy of Rural Property Rights and the Persistence of the Dual Economy}},
year = {2012}
}

@article{Andre:1998tu,
author = {Andr{\'e}, Catherine and Platteau, Jean-Philippe},
title = {{Land relations under unbearable stress: rwanda caught in the Malthusian trap}},
journal = {Journal of Economic Behavior {\&} Organization},
year = {1998},
volume = {34},
pages = {1--47},
month = jan
}

@techreport{Diaz:2004te,
author = {D{\'\i}az, Ana Mar{\'\i}a and S{\'a}nchez, Fabio},
title = {{A Geography of Illicit Crops (coca Leaf) and Armed Conflict in Colombia}},
year = {2004}
}

@article{Collier-etal_2001,
author = {Collier, Paul and Hoeffler, Anke and S{\"o}derdom, M{\"a}ns},
title = {{On the duration of Civil War}},
journal = {Journal of Peace Research},
year = {2004},
volume = {41},
pages = {253--273}
}

@article{Easterly:2003vr,
author = {Easterly, William and Levine, Ross},
title = {{Tropics, germs, and crops: how endowments influence economic development}},
journal = {Journal of Monetary Economics},
year = {2003},
volume = {50},
number = {1},
pages = {3--39},
month = jan
}

@article{Granger:1969wx,
author = {Granger, C W J},
title = {{Investigating Causal Relations by Econometric Models and Cross-spectral Methods}},
journal = {Econometrica},
year = {1969},
volume = {37},
number = {3},
pages = {424--438},
month = jan
}

@incollection{Ostrom:2009wp,
author = {Ostrom, Elinor},
title = {{Design Principles of Robust Property-Rights Institutions: What Have We Learned?}},
booktitle = {Property Rights and Land Policies},
year = {2009},
editor = {Ingram, Gregory K and Hong, Yu-Hung},
pages = {25--51},
publisher = {Lincoln Institute of Land Policy}
}

@article{Deiniger_2003,
author = {Deininger, Klaus},
title = {{Causes and consequences of civil strife: micro‐level evidence from Uganda}},
journal = {Oxford Economic Papers},
year = {2003},
volume = {55},
number = {4},
pages = {579--606}
}

@article{Nickell:1981uo,
author = {Nickell, Stephen},
title = {{Biases in Dynamic Models with Fixed Effects}},
journal = {Econometrica},
year = {1981},
volume = {49},
number = {6},
pages = {1417--1426},
month = jan
}

@article{Sevestre:1985wf,
author = {Sevestre, P. and Trognon, A.},
title = {{A note on autoregressive error components models}},
journal = {Journal of Econometrics},
year = {1985},
volume = {28},
number = {2},
pages = {231--245}
}

@article{Collier_1999,
author = {Collier, Paul},
title = {{On the Economic Consequences of Civil War}},
journal = {Oxford Economic Papers},
year = {1999},
number = {51},
pages = {168--183}
}

@article{Schlager:1992vw,
author = {Schlager, Edella and Ostrom, Elinor},
title = {{Property-Rights Regimes and Natural Resources: A Conceptual Analysis}},
journal = {Land Economics},
year = {1992},
volume = {68},
number = {3},
pages = {249--262},
month = jan
}

@techreport{R:2005tv,
author = {Rocha, Ricardo and Ram{\'\i}rez, Mar{\'\i}a Clemencia},
title = {{Impacts of the Illicit Drug Economy: Colombian Country Study}},
year = {2005},
month = jan
}

@techreport{DNP:2006ux,
author = {{DNP}},
title = {{Plan Colombia Progress Report, 1999 -- 2005}},
year = {2006},
month = jan
}

@article{Johnson:2002wd,
author = {Johnson, Simon and McMillan, John and Woodruff, Christopher},
title = {{Property Rights and Finance}},
journal = {American Economic Review},
year = {2002},
volume = {92},
number = {5},
pages = {1335--1356},
month = jan
}

@article{Field:2007ut,
author = {Field, Erica},
title = {{Entitled to Work: Urban Property Rights and Labor Supply in Peru}},
journal = {The Quarterly Journal of Economics},
year = {2007},
volume = {122},
number = {4},
pages = {1561--1602},
month = nov
}

@article{Deininger:2006ue,
author = {Deininger, Klaus and Jin, Songqing},
title = {{Tenure security and land-related investment: Evidence from Ethiopia}},
journal = {European Economic Review},
year = {2006},
volume = {50},
number = {5},
pages = {1245--1277}
}

@article{Coatsworth:2008tp,
author = {Coatsworth, Jhon H},
title = {{Inequality, Institutions and Economic Growth in Latin America}},
journal = {Journal of Latin American Studies},
year = {2008},
volume = {40},
number = {03},
month = jul
}

@article{Velasquez_2008,
author = {Vel{\'a}squez, Andrea},
title = {{The formality in property rights: determinant in the military strategy of armed actors}},
journal = {Desarrollo y Sociedad},
year = {2008},
volume = {61},
pages = {119--164},
month = jan
}

@book{Acemoglu:2012wb,
author = {Acemoglu, Daron and Robinson, James},
title = {{Why Nations Fail}},
publisher = {Crown Publishers},
year = {2012},
series = {The Origins of Power, Prosperity, and Poverty},
address = {New York},
month = mar
}

@techreport{Mejia-Restrepo_2008,
author = {Mej{\'\i}a, Daniel and Restrepo, Pascual},
title = {{The War on Illegal Drug Production and Trafficking: An Economic Evaluation of Plan Colombia}},
year = {2008}
}

@incollection{Engerman:2008dx,
author = {Engerman, Stanley L and Sokoloff, Kenneth L},
title = {{Institutional and Non-Institutional Explanations of Economic Differences}},
booktitle = {Handbook of New Institutional Economics},
year = {2008},
editor = {M{\'e}nard, Claude and Shirley, Mary M},
pages = {639--665},
publisher = {Springer Berlin Heidelberg},
address = {Berlin, Heidelberg}
}

@article{Bray:1983td,
author = {Bray, Warwick and Dollery, Colin and Barnett, Gene and Bolton, Ralph and Deltgen, Florian and Dufour, Darna and Hanna, Joel M. and Henman, Anthony and Lewellen, Ted C. and Little, Michael A. and Pic{\'o}n-Re{\'a}tegui, E. and Sillen, Andrew Fuchs and Spear, Linda Patia and Valiente, Teresa and Vitti, T. G.},
title = {{Coca Chewing and High-Altitude Stress: A Spurious Correlation [and Comments and Reply]}},
journal = {Current Anthropology},
year = {1983},
volume = {24},
number = {3},
pages = {269--282},
month = jan
}

@incollection{Binswanger:1995td,
author = {Binswanger, Hans P and Deininger, Klaus and Feder, Gershon},
title = {{Power, distortions, revolt and reform in agricultural land relations}},
booktitle = {Handbook of Development Economics},
year = {1995},
editor = {Srinivasan, Jere Behrman and T N},
pages = {2659--2772 T2 --},
publisher = {Elsevier}
}

@incollection{Acemoglu:2005ua,
author = {Acemoglu, Daron and Johnson, Simon and Robinson, James A},
title = {{Institutions as the Fundamental Cause of Long-Run Growth}},
booktitle = {Handbook of Economic Growth},
year = {2005},
editor = {Aghion, Philippe and Durlauf, Steven N},
pages = {385--472},
publisher = {Elsevier}
}

@article{Cogley:1995dz,
author = {Cogley, Timothy and Nason, James M},
title = {{Effects of the Hodrick-Prescott filter on trend and difference stationary time series Implications for business cycle research}},
journal = {Journal of Economic Dynamics and Control},
year = {1995},
volume = {19},
number = {1-2},
pages = {253--278},
month = jan
}

@article{Acemoglu:2001tk,
author = {Acemoglu, Daron and Johnson, Simon and Robinson, James A},
title = {{The colonial origins of comparative development: An empirical investigation}},
journal = {American Economic Review},
year = {2001},
volume = {5},
pages = {1369--1401},
month = apr
}

@incollection{Ross:2003tw,
author = {Ross, Michael L},
title = {{Oil, drugs, and Diamonds: the varying roles of natural resources in Civil War}},
booktitle = {The Political Economy of Armed Conflict},
year = {2003},
publisher = {Lynne Rienner Pub}
}

@article{Ross:2004vy,
author = {Ross, Michael L},
title = {{What Do We Know about Natural Resources and Civil War?}},
journal = {Journal of Peace Research},
year = {2004},
volume = {41},
number = {3},
pages = {337--356},
month = may
}

@article{Sachs:2001vc,
author = {Sachs, Jeffrey D. and Warner, Andrew M.},
title = {{The curse of natural resources}},
journal = {European Economic Review},
year = {2001},
volume = {45},
number = {4--6},
pages = {827--838},
month = may
}

@article{Velez:2001vb,
author = {V{\'e}lez, Mar{\'\i}a Alejandra},
title = {{FARC-ELN: evoluci{\'o}n y expansi{\'o}n territorial}},
journal = {Desarrollo y Sociedad},
year = {2001},
volume = {47},
pages = {151--225}
}

@book{Richards:1996wq,
author = {Richards, Paul},
title = {{Fighting for the rain forest}},
publisher = {Heinemann},
year = {1998},
series = {war, youth {\&} resources in Sierra Leone},
address = {London}
}

@article{Reich:1964uf,
author = {Reich, Charles A.},
title = {{The New Property}},
journal = {The Yale Law Journal},
year = {1964},
volume = {73},
number = {5},
pages = {733--787},
month = jan
}

@article{UNODC:2011tf,
author = {{UNODC}},
title = {{World Drug Report 2011}},
journal = {United Nations Office on Drugs and Crime},
year = {2011}
}

@article{Hall:1999wy,
author = {Hall, R E and Jones, C I},
title = {{Why do Some Countries Produce So Much More Output Per Worker than Others?}},
journal = {The Quarterly Journal of Economics},
year = {1999},
volume = {114},
number = {1},
pages = {83--116},
month = feb
}

@book{North:1990vl,
author = {North, Douglass Cecil},
title = {{Institutions, Institutional Change and Economic Performance}},
publisher = {Cambridge University Press},
year = {1990},
address = {Cambridge},
month = oct
}

@article{Goldstein:2008tc,
author = {Goldstein, Markus and Udry, Christopher},
title = {{The Profits of Power: Land Rights and Agricultural Investment in Ghana}},
journal = {Journal of Political Economy},
year = {2008},
volume = {116},
number = {6},
pages = {981--1022},
month = dec
}

@article{Granger:2003ts,
author = {Granger, Clive W.J},
title = {{Some aspects of causal relationships}},
journal = {Journal of Econometrics},
year = {2003},
volume = {112},
number = {1},
pages = {69--71},
month = jan
}

@article{Arellano:1995tj,
author = {Arellano, Manuel and Bover, Olympia},
title = {{Another look at the instrumental variable estimation of error-components models}},
journal = {Journal of Econometrics},
year = {1995},
volume = {68},
number = {1},
pages = {29--51}
}

@article{Angrist:2008uj,
author = {Angrist, JD and Kugler, AD},
title = {{Rural windfall or a new resource curse? Coca, income, and civil conflict in Colombia}},
journal = {The Review of Economics and Statistics},
year = {2008},
volume = {XC},
pages = {191--215}
}

@article{MorenoSanchez:2003jc,
author = {Moreno-Sanchez, Rocio and Kraybill, David S and Thompson, Stanley R},
title = {{An Econometric Analysis of Coca Eradication Policy in Colombia}},
journal = {World Development},
year = {2003},
volume = {31},
number = {2},
pages = {375--383}
}

@article{Blundell:1998vr,
author = {Blundell, Richard and Bond, Stephen},
title = {{Initial conditions and moment restrictions in dynamic panel data models}},
journal = {Journal of Econometrics},
year = {1998},
volume = {87},
number = {1},
pages = {115--143}
}

@article{Demsetz:1967uy,
author = {Demsetz, Harold},
title = {{Toward a Theory of Property Rights}},
journal = {American Economic Review},
year = {1967},
volume = {57},
number = {2},
pages = {347--359},
month = jan
}

@article{Acemoglu:2011id,
author = {Acemoglu, Daron and Ticchi, Davide and Vindigni, Andrea},
title = {{Emergence and Persistence of Inefficient States}},
journal = {Journal of the European Economic Association},
year = {2011},
volume = {9},
number = {2},
pages = {177--208},
month = feb
}

@article{Acemoglu:1998uk,
author = {Acemoglu, Daron and Verdier, Thierry},
title = {{Property Rights, Corruption and the Allocation of Talent: a General Equilibrium Approach}},
journal = {The Economic Journal},
year = {1998},
volume = {108},
number = {450},
pages = {1381--1403},
month = sep
}

@article{Hansen:1982ue,
author = {Hansen, Lars Peter},
title = {{Large Sample Properties of Generalized Method of Moments Estimators}},
journal = {Econometrica},
year = {1982},
volume = {50},
number = {4},
pages = {1029--1054},
month = jan
}

@article{Roodman:2009tc,
author = {Roodman, D.},
title = {{How to do xtabond2: An introduction to difference and system GMM in Stata}},
journal = {Stata Journal},
year = {2009},
volume = {9},
number = {1},
pages = {86--136}
}

@article{Ziliak:1997vg,
author = {Ziliak, James P.},
title = {{Efficient Estimation with Panel Data When Instruments Are Predetermined: An Empirical Comparison of Moment-Condition Estimators}},
journal = {Journal of Business {\&} Economic Statistics},
year = {1997},
volume = {15},
number = {4},
pages = {419--431},
month = jan
}

@article{Windmeijer:2005vw,
author = {Windmeijer, Frank},
title = {{A finite sample correction for the variance of linear efficient two-step GMM estimators}},
journal = {Journal of Econometrics},
year = {2005},
volume = {126},
number = {1},
pages = {25--51},
month = feb
}

@article{Andersen:1996ui,
author = {Andersen, Torben G. and S{\o}rensen, Bent E.},
title = {{GMM Estimation of a Stochastic Volatility Model: A Monte Carlo Study}},
journal = {Journal of Business {\&} Economic Statistics},
year = {1996},
volume = {14},
number = {3},
pages = {328--352},
month = jan
}

@techreport{USDJ:1991vy,
author = {{USDJ}},
title = {{Coca Cultivation and Cocaine Processing: An Overview}},
year = {1991},
address = {United States}
}

@article{Bowsher:2002vj,
author = {Bowsher, Clive G},
title = {{On testing overidentifying restrictions in dynamic panel data models}},
journal = {Economics Letters},
year = {2002},
volume = {77},
number = {2},
pages = {211--220},
month = feb
}

@article{Besley:2000ty,
author = {Besley, Timothy and Burgess, Robin},
title = {{Land Reform, Poverty Reduction, and Growth: Evidence from India}},
journal = {The Quarterly Journal of Economics},
year = {2000},
volume = {115},
number = {2},
pages = {389--430},
month = may
}

@article{Heid:2012ut,
author = {Heid, Benedikt and Langer, Julian and Larch, Mario},
title = {{Income and democracy: Evidence from system GMM estimates}},
journal = {Economics Letters},
year = {2012},
volume = {116},
number = {2},
pages = {166--169},
month = feb
}

@article{Christiaensen:2011wq,
author = {Christiaensen, Luc and Demery, Lionel and Kuhl, Jesper},
title = {{The (evolving) role of agriculture in poverty reduction---An empirical perspective}},
journal = {Journal of Development Economics},
year = {2011},
volume = {96},
number = {2},
pages = {239--254},
month = feb
}

@article{Rodrik:1999uz,
author = {Rodrik, Dani},
title = {{Where Did All the Growth Go? External Shocks, Social Conflict, and Growth Collapses}},
journal = {Journal of Economic Growth},
year = {1999},
volume = {4},
number = {4},
pages = {385--412}
}

@book{Duguit:1912uj,
author = {Duguit, Le{\'o}n},
title = {{Des Transformations G{\'e}n{\'e}rales Du Droit Priv{\'e} Depuis Le Code Napol{\'e}on.}},
publisher = {Librairie F{\'e}lix Alcan},
year = {1912},
address = {Paris}
}

@book{Kaplan:2001vn,
author = {Kaplan, Robert D},
title = {{The coming anarchy}},
publisher = {Vintage},
year = {2001},
series = {shattering the dreams of the post Cold War},
month = feb
}

@article{Beck:2004ux,
author = {Beck, Thorsten and Levine, Ross},
title = {{Stock markets, banks, and growth: Panel evidence}},
journal = {Journal of Banking {\&} Finance},
year = {2004},
volume = {28},
number = {3},
pages = {423--442},
month = feb
}

@incollection{Mejia:2010tx,
author = {Mej{\'\i}a, Daniel and Posada, Carlos Esteban},
title = {{Cocaine Production and Traficking: What Do We Know?}},
booktitle = {Innocent Bystanders},
year = {2010},
editor = {Keefer, Philip and Loayza, Norman},
pages = {253--301},
publisher = {Palgrave Macmillan and The World Bank},
month = jan
}

@techreport{GAO:2008uo,
author = {{GAO}},
title = {{Drug Reduction Goals Were Not Fully Met, but Security Has Improved; U.S. Agencies Need More Detailed Plans for Reducing Assistance}},
year = {2008},
month = jan
}

@article{Matteucci:1996vt,
author = {Matteucci, Silvia Diana and Morello, Jorge},
title = {{Aspectos Ecol{\'o}gicos del cultivo de la coca}},
journal = { Encrucijadas, Universidad de Buenos Aires},
year = {1996},
pages = {82--91}
}

@article{Newey:1985tf,
author = {Newey, Whitney K},
title = {{Maximum Likelihood Specification Testing and Conditional Moment Tests}},
journal = {Econometrica},
year = {1985},
volume = {53},
number = {5},
pages = {1047--1070},
month = jan
}

@incollection{Besley:2010wr,
author = {Besley, Timothy and Ghatak, Maitreesh},
title = {{Property Rights and Economic Development}},
booktitle = {Handbooks in Economics},
year = {2010},
editor = {Rosenzweig, Dani Rodrik and Mark},
pages = {4525--4595},
publisher = {Elsevier}
}

@article{Deininger:2009tp,
author = {Deininger, Klaus and Nagarajan, H K},
title = {{Land Reforms, Poverty Reduction, and Economic Growth: Evidence From India}},
journal = {Journal of Development Studies},
year = {2009},
volume = {45},
pages = {496--521},
month = apr
}

@book{North:1981vm,
author = {North, Douglass Cecil},
title = {{Structure and Change in Economic History}},
publisher = {W. W. Norton},
year = {1981},
address = {New York}
}

@article{Acemoglu:2010ve,
author = {Acemoglu, Daron and Robinson, James},
title = {{The role of institutions in growth and development}},
journal = {Review of Economics and Institutions},
year = {2010},
volume = {1},
pages = {1--33}
}

@article{HoltzEakin:1988wo,
author = {Holtz-Eakin, Douglas and Newey, Whitney and Rosen, Harvey S.},
title = {{Estimating Vector Autoregressions with Panel Data}},
journal = {Econometrica},
year = {1988},
volume = {56},
number = {6},
pages = {1371--1395},
month = jan
}

@book{Jones:1987ue,
author = {Jones, Eric},
title = {{The European Miracle}},
publisher = {Cambridge University Press},
year = {1987},
series = {Environments, Economies and Geopolitics in the History of Europe and Asia},
month = aug
}

@book{Haber:2003wl,
author = {Haber, Stephen and Razo, Armando and Maurer, Noel},
title = {{The Politics of Property Rights}},
publisher = {Cambridge University Press},
year = {2003},
series = {Political Instability, Credible Commitments, and Economic Growth in Mexico, 1876-1929},
address = {Cambridge},
month = may
}

@book{DeSoto:2000vn,
author = {De Soto, Hernando},
title = {{The Mystery of Capital}},
publisher = {Batan Press},
year = {2000},
series = {Why Capitalism Triumphs in the West and Fails Everywhere Else},
address = {London}
}

@incollection{Blundell:2000wu,
author = {Blundell, Richard and Bond, Stephen and Windmeijer, Frank},
title = {{Estimation in Dynamic Panel Data Models: Improving on the Performance of the Standard Gmm Estimator}},
booktitle = {Nonstationary Panels, Panel Cointegration, And Dynamic Panels},
year = {2000},
editor = {Baltagi, Badi H and Fomby, Thomas B and Hill, R Carter},
publisher = {Emerald Group Publishing},
month = dec
}

@phdthesis{Riley:1993ta,
author = {Riley, Kevin Jack},
title = {{Snow job? The efficacy of source Country Cocaine Policies}},
school = {National Defense Research Institute, RAND Corporation. },
year = {1993},
address = {Santa Monica, CA.},
month = jan
}

@book{Baltagi:2008uo,
author = {Baltagi, Badi},
title = {{Econometric Analysis of Panel Data}},
publisher = {John Wiley {\&} Sons, Ltd},
year = {2008},
address = {West Sussex},
edition = {Third},
month = jun
}

@phdthesis{Fernandez:2010wy,
author = {Fern{\'a}ndez, Manuel},
title = {{Violencia y Derechos de Propiedad: El Caso de La Violencia en Colombia }},
school = {Universidad de los Andes},
year = {2010},
month = aug
}

@article{Besley:1995ti,
author = {Besley, Timothy},
title = {{Property Rights and Investment Incentives: Theory and Evidence From Ghana}},
journal = {Journal of Political Economy},
year = {1995},
volume = {103},
pages = {903--937}
}

@article{Hanna:1974wd,
author = {Hanna, Joel M.},
title = {{Coca Leaf Use in Southern Peru: Some Biosocial Aspects}},
journal = {American Antropologist},
year = {1974},
volume = {76},
number = {2},
pages = {281--296},
month = jun
}

@article{Thoumi:2002wb,
author = {Thoumi, Francisco E},
title = {{Illegal Drugs in Colombia: From Illegal Economic Boom to Social Crisis}},
journal = {The ANNALS of the American Academy of Political and Social Science},
year = {2002},
volume = {582},
pages = {102--116}
}

@article{Abadie:2006vj,
author = {Abadie, Alberto and Imbens, Guido W.},
title = {{Large Sample Properties of Matching Estimators for Average Treatment Effects}},
journal = {Econometrica},
year = {2006},
volume = {74},
number = {1},
pages = {235--267},
month = jan
}

@article{Dammert:ue,
author = {Dammert, Ana C.},
title = {{Child labor and schooling response to changes in coca production in rural Peru}},
journal = {Journal of Development Economics},
year = {2008},
volume = {86},
number = {1},
pages = {164--180},
month = jan
}

